@article{PH-CHL:2017,
  title = "Delayed {CO}$_2$ emissions from mid-ocean ridge volcanism as a possible cause of late-Pleistocene glacial cycles ",
  journal = "Earth and Planetary Science Letters ",
  volume = "457",
  number = "",
  pages = "238 - 249",
  year = "2017",
  note = "",
  issn = "0012-821X",
  doi = "https://doi.org/10.1016/j.epsl.2016.09.021",
  url = "http://www.sciencedirect.com/science/article/pii/S0012821X16305015",
  author = {Peter Huybers and Charles H. Langmuir},
  keywords = "Pleistocene",
  keywords = "glacial cycles",
  keywords = "volcanism "
}

@article{DR:2013,
  title={Ingassing, storage, and outgassing of terrestrial carbon through geologic time},
  author={Dasgupta, Rajdeep},
  journal={Reviews in Mineralogy and Geochemistry},
  volume={75},
  number={1},
  pages={183--229},
  year={2013},
  publisher={Mineralogical Society of America}
}

@article{RDL:2014,
  title={Atmospheric CO2 and O2 during the Phanerozoic: Tools, patterns, and impacts},
  author={Royer, DL},
  journal={Treatise on Geochemistry},
  volume={6},
  pages={251--267},
  year={2014},
  publisher={Elsevier Oxford}
}

@article{PJR-JJ-RD:1999,
  title={Climate and atmospheric history of the past 420,000 years from the Vostok ice core, Antarctica},
  author={Petit, Jean-Robert and Jouzel, Jean and Raynaud, Dominique and Barkov, Narcisse I and Barnola, J-M and Basile, Isabelle and Bender, Michael and Chappellaz, J and Davis, M and Delaygue, G and others},
  journal={Nature},
  volume={399},
  number={6735},
  pages={429--436},
  year={1999},
  publisher={Nature Publishing Group}
}
